@article{erl2014cloud,
  title={Cloud Computing: Concept, Technology, and Architecture (Fourth)},
  author={Erl, T and Mahmood, Z and Puttini, R},
  journal={Massachusetts: Prentice Hall},
  year={2014}
}

@article{khoshnevis2012toward,
	title={Toward knowledge management as a service in cloud-based environments},
	author={Khoshnevis, Sedigheh and Rabeifar, Fatemeh},
	journal={International Journal of Mechatronics, Electrical and Computer Technology},
	volume={2},
	number={4},
	pages={88--110},
	year={2012}
}
